<?xml version="1.0" encoding="UTF-8"?>
<searchRetrieveResponse xmlns="http://www.loc.gov/zing/srw/">
    <version>1.1</version>
    <numberOfRecords>1</numberOfRecords>
    <records>
        <record>
            <recordSchema>MARC21-xml</recordSchema>
            <recordPacking>xml</recordPacking>
            <recordData>
                <record xmlns="http://www.loc.gov/MARC21/slim" type="Bibliographic">
    <leader>00000nam a2200000 c 4500</leader>
    <controlfield tag="001">986215740</controlfield>
    <controlfield tag="003">DE-101</controlfield>
    <controlfield tag="005">20180115105326.0</controlfield>
    <controlfield tag="007">tu</controlfield>
    <controlfield tag="008">071030s2006    gw ||||| |||| 00||||ger  </controlfield>
    <datafield tag="015" ind1=" " ind2=" ">
      <subfield code="a">08,A14,1719</subfield>
      <subfield code="2">dnb</subfield>
    </datafield>
    <datafield tag="016" ind1="7" ind2=" ">
      <subfield code="2">DE-101</subfield>
      <subfield code="a">986215740</subfield>
    </datafield>
    <datafield tag="020" ind1=" " ind2=" ">
      <subfield code="a">9783933557629</subfield>
      <subfield code="c">kart. : EUR 29.00</subfield>
      <subfield code="9">978-3-933557-62-9</subfield>
    </datafield>
    <datafield tag="020" ind1=" " ind2=" ">
      <subfield code="a">3933557623</subfield>
      <subfield code="c">kart. : EUR 29.00</subfield>
      <subfield code="9">3-933557-62-3</subfield>
    </datafield>
    <datafield tag="035" ind1=" " ind2=" ">
      <subfield code="a">(DE-599)DNB986215740</subfield>
    </datafield>
    <datafield tag="035" ind1=" " ind2=" ">
      <subfield code="a">(OCoLC)214408304</subfield>
    </datafield>
    <datafield tag="040" ind1=" " ind2=" ">
      <subfield code="a">1139</subfield>
      <subfield code="b">ger</subfield>
      <subfield code="c">DE-101</subfield>
      <subfield code="d">1140</subfield>
    </datafield>
    <datafield tag="041" ind1=" " ind2=" ">
      <subfield code="a">ger</subfield>
    </datafield>
    <datafield tag="044" ind1=" " ind2=" ">
      <subfield code="c">XA-DE</subfield>
    </datafield>
    <datafield tag="082" ind1="0" ind2="4">
      <subfield code="8">1\u</subfield>
      <subfield code="a">700.943214209049</subfield>
      <subfield code="q">DE-101</subfield>
      <subfield code="2">22/ger</subfield>
    </datafield>
    <datafield tag="083" ind1="7" ind2=" ">
      <subfield code="a">700</subfield>
      <subfield code="a">300</subfield>
      <subfield code="q">DE-101</subfield>
      <subfield code="2">22sdnb</subfield>
    </datafield>
    <datafield tag="085" ind1=" " ind2=" ">
      <subfield code="8">1\u</subfield>
      <subfield code="b">700.9</subfield>
    </datafield>
    <datafield tag="085" ind1=" " ind2=" ">
      <subfield code="8">1\u</subfield>
      <subfield code="z">1</subfield>
      <subfield code="s">09049</subfield>
    </datafield>
    <datafield tag="085" ind1=" " ind2=" ">
      <subfield code="8">1\u</subfield>
      <subfield code="z">2</subfield>
      <subfield code="s">432142</subfield>
    </datafield>
    <datafield tag="090" ind1=" " ind2=" ">
      <subfield code="a">b</subfield>
    </datafield>
    <datafield tag="245" ind1="0" ind2="0">
      <subfield code="a">Dresden Postplatz</subfield>
      <subfield code="b">soweit war ich mit meinen Gedanken gekommen, als plötzlich der Frühling hereinbrach ; Mai bis November 2003 in Dresden ; [anlässlich des Kunst- und Veranstaltungsprojekts Dresden Postplatz]</subfield>
      <subfield code="c">hrsg. von Dresden Postplatz (Torsten Birne ...). [Übers.: Veronika Bijvank (Niederländ.-Dt.) ; Matthew Gaskins]</subfield>
    </datafield>
    <datafield tag="264" ind1=" " ind2="1">
      <subfield code="a">Berlin</subfield>
      <subfield code="b">b_books</subfield>
      <subfield code="c">c 2006</subfield>
    </datafield>
    <datafield tag="300" ind1=" " ind2=" ">
      <subfield code="a">397 S.</subfield>
      <subfield code="b">Ill.</subfield>
      <subfield code="c">21 cm</subfield>
      <subfield code="e">1 DVD</subfield>
    </datafield>
    <datafield tag="336" ind1=" " ind2=" ">
      <subfield code="a">Text</subfield>
      <subfield code="b">txt</subfield>
      <subfield code="2">rdacontent</subfield>
    </datafield>
    <datafield tag="337" ind1=" " ind2=" ">
      <subfield code="a">ohne Hilfsmittel zu benutzen</subfield>
      <subfield code="b">n</subfield>
      <subfield code="2">rdamedia</subfield>
    </datafield>
    <datafield tag="338" ind1=" " ind2=" ">
      <subfield code="a">Band</subfield>
      <subfield code="b">nc</subfield>
      <subfield code="2">rdacarrier</subfield>
    </datafield>
    <datafield tag="648" ind1=" " ind2="7">
      <subfield code="a">Geschichte 2003</subfield>
      <subfield code="2">gnd</subfield>
    </datafield>
    <datafield tag="650" ind1=" " ind2="7">
      <subfield code="0">(DE-588)4033422-3</subfield>
      <subfield code="0">http://d-nb.info/gnd/4033422-3</subfield>
      <subfield code="0">(DE-101)040334228</subfield>
      <subfield code="a">Künste</subfield>
      <subfield code="2">gnd</subfield>
    </datafield>
    <datafield tag="650" ind1=" " ind2="7">
      <subfield code="0">(DE-588)4172385-5</subfield>
      <subfield code="0">http://d-nb.info/gnd/4172385-5</subfield>
      <subfield code="0">(DE-101)041723856</subfield>
      <subfield code="a">Öffentlicher Raum</subfield>
      <subfield code="2">gnd</subfield>
    </datafield>
    <datafield tag="650" ind1=" " ind2="7">
      <subfield code="0">(DE-588)4115645-6</subfield>
      <subfield code="0">http://d-nb.info/gnd/4115645-6</subfield>
      <subfield code="0">(DE-101)041156455</subfield>
      <subfield code="a">Projekt</subfield>
      <subfield code="2">gnd</subfield>
    </datafield>
    <datafield tag="651" ind1=" " ind2="7">
      <subfield code="0">(DE-588)4831066-9</subfield>
      <subfield code="0">http://d-nb.info/gnd/4831066-9</subfield>
      <subfield code="0">(DE-101)975300628</subfield>
      <subfield code="a">Postplatz Dresden</subfield>
      <subfield code="2">gnd</subfield>
    </datafield>
    <datafield tag="689" ind1="0" ind2="0">
      <subfield code="0">(DE-588)4831066-9</subfield>
      <subfield code="0">http://d-nb.info/gnd/4831066-9</subfield>
      <subfield code="0">(DE-101)975300628</subfield>
      <subfield code="D">g</subfield>
      <subfield code="a">Postplatz Dresden</subfield>
    </datafield>
    <datafield tag="689" ind1="0" ind2="1">
      <subfield code="0">(DE-588)4033422-3</subfield>
      <subfield code="0">http://d-nb.info/gnd/4033422-3</subfield>
      <subfield code="0">(DE-101)040334228</subfield>
      <subfield code="D">s</subfield>
      <subfield code="a">Künste</subfield>
    </datafield>
    <datafield tag="689" ind1="0" ind2="2">
      <subfield code="0">(DE-588)4172385-5</subfield>
      <subfield code="0">http://d-nb.info/gnd/4172385-5</subfield>
      <subfield code="0">(DE-101)041723856</subfield>
      <subfield code="D">s</subfield>
      <subfield code="a">Öffentlicher Raum</subfield>
    </datafield>
    <datafield tag="689" ind1="0" ind2="3">
      <subfield code="0">(DE-588)4115645-6</subfield>
      <subfield code="0">http://d-nb.info/gnd/4115645-6</subfield>
      <subfield code="0">(DE-101)041156455</subfield>
      <subfield code="D">s</subfield>
      <subfield code="a">Projekt</subfield>
    </datafield>
    <datafield tag="689" ind1="0" ind2="4">
      <subfield code="A">z</subfield>
      <subfield code="a">Geschichte 2003</subfield>
    </datafield>
    <datafield tag="689" ind1="0" ind2=" ">
      <subfield code="5">DE-101</subfield>
      <subfield code="5">DE-101</subfield>
    </datafield>
    <datafield tag="700" ind1="1" ind2=" ">
      <subfield code="0">(DE-588)1150655305</subfield>
      <subfield code="0">http://d-nb.info/gnd/1150655305</subfield>
      <subfield code="0">(DE-101)1150655305</subfield>
      <subfield code="a">Birne, Torsten</subfield>
      <subfield code="e">Herausgeber</subfield>
      <subfield code="4">edt</subfield>
    </datafield>
    <datafield tag="850" ind1=" " ind2=" ">
      <subfield code="a">DE-101a</subfield>
      <subfield code="a">DE-101b</subfield>
    </datafield>
    <datafield tag="925" ind1="r" ind2=" ">
      <subfield code="a">ra</subfield>
    </datafield>
  </record>
</recordData>
<recordPosition>1</recordPosition>
</record>
</records>
<nextRecordPosition>2</nextRecordPosition>
<echoedSearchRetrieveRequest>
    <version>1.1</version>
    <query>isbn=3933557623</query>
    <xQuery xmlns:xsi="http://www.w3.org/2001/XMLSchema-instance" xsi:nil="true"/>
    <recordSchema>MARC21-xml</recordSchema>
</echoedSearchRetrieveRequest>
<extraResponseData>
    <accountOf xmlns="">BCSS Software &amp; Beratung SRU</accountOf>
</extraResponseData>
</searchRetrieveResponse>